<?xml version="1.0" encoding="UTF-8"?><collection xmlns="http://www.loc.gov/MARC21/slim"><record><leader>00552nam--2200181-i-4500</leader><controlfield tag="001">000010950</controlfield><controlfield tag="002">20161230</controlfield><controlfield tag="005">20161230201029</controlfield><controlfield tag="008">060222s1000------------r-----000-0-fre-d</controlfield><datafield ind1=" " ind2=" " tag="040"><subfield code="a">IFIN-HH</subfield></datafield><datafield ind1=" " ind2=" " tag="041"><subfield code="a">fre</subfield></datafield><datafield ind1=" " ind2=" " tag="080"><subfield code="a">539.171.2(043)</subfield></datafield><datafield ind1="1" ind2=" " tag="100"><subfield code="a">Berthot, Jacques</subfield></datafield><datafield ind1="1" ind2="0" tag="245"><subfield code="a">Diffusion quasi-elastique des electrons: metho de d analyse et etude du noyau de carbone 12</subfield><subfield code="c">Jacques berthot</subfield></datafield><datafield ind1=" " ind2=" " tag="260"><subfield code="a">Clermont-ferrand</subfield><subfield code="b">Universite De Clermont-ferrand</subfield><subfield code="c">1972</subfield></datafield><datafield ind1=" " ind2=" " tag="300"><subfield code="a">89 P. + 40 FIG</subfield></datafield><datafield ind1=" " ind2=" " tag="852"><subfield code="a">40386</subfield><subfield code="c">539.17</subfield></datafield><datafield ind1=" " ind2=" " tag="CAT"><subfield code="a">Sys</subfield><subfield code="c">20120611</subfield><subfield code="h">151602</subfield></datafield></record></collection>